Account Name       :                	Mr. PRAVIN  N
Address            :	4/1223 4TH BLOCK
                                    	MOGAPPAIR WEST
                                    	CHENNAI 600037-600037
                                    	Chennai
Date               :                	26 May 2022
Account Number     :	_00000020186050969
Account Description:	SBCHQ-CSA-PUB-IND-CSDMD-INR
Branch             :	NOLAMBUR
Drawing Power      :	0.00
Interest Rate(% p.a.):	2.7
MOD Balance      :	0.00
CIF No.          :	_86836880382
IFS (Indian Financial System) Code         :	SBIN0016338
MICR (Magnetic Ink Character Recognition)  Code        :	_600002242
Nomination Registered    :	Yes 
Balance on 1 Apr 2021        :	53,288.56
Start Date          :	1 Apr 2021
End Date            :	31 Mar 2022
Txn Date	Value Date	Description	Ref No./Cheque No.	        Debit	Credit	Balance	
3 Apr 2021	3 Apr 2021	   BY TRANSFER-UPI/CR/109350224025/MEYYAPPA/HDFC/9962875940/Payme--	TRANSFER FROM 5098702162092	 	10,000.00	63,288.56
4 Apr 2021	4 Apr 2021	   TO TRANSFER-INB NEFT UTR NO: SBIN421094747842--Parents	NEFT INB: IRP4804791                               / Parents	10,000.00	 	53,288.56
4 Apr 2021	4 Apr 2021	   TO TRANSFER-INB NEFT UTR NO: SBIN421094751567--Pravin N BoB	NEFT INB: IRP4805320                               / Pravin N BoB	2,000.00	 	51,288.56
15 Apr 2021	15 Apr 2021	   TO TRANSFER-UPI/DR/110518537574/Jio Mobi/YESB/jio@yesban/JIO20--	TRANSFER TO 5097825162090	11.00	 	51,277.56
16 Apr 2021	16 Apr 2021	   BULK POSTING-ACHCr HDFC01146000010467 BRITANNIA INDU--		 	62.00	51,339.56
16 Apr 2021	16 Apr 2021	   BULK POSTING-ACHCr HDFC00396000008623 Colgate-Palmol--		 	40.00	51,379.56
17 Apr 2021	17 Apr 2021	   TO TRANSFER-UPI/DR/110700544720/PRAVIN/DBSS/pravinn@db/UPI--	TRANSFER TO 5098053162097	20,000.00	 	31,379.56
18 Apr 2021	18 Apr 2021	   TO TRANSFER-UPI/DR/110817231351/makemytrip/ICIC/makemytrip/UPI--	TRANSFER TO 5098060162098	4,973.00	 	26,406.56
20 Apr 2021	20 Apr 2021	   TO TRANSFER-UPI/DR/111025885178/Paytm Re/PYTM/paybil3066/Oid13--	TRANSFER TO 5097632162099	32.00	 	26,374.56
21 Apr 2021	21 Apr 2021	   BY TRANSFER-UPI/CR/111114906715/PRAVIN/DBSS/pravinn@db/UPI--	TRANSFER FROM 4693220162099	 	20,000.00	46,374.56
21 Apr 2021	21 Apr 2021	   TO TRANSFER-UPI/DR/111115423284/MR VIGNE/SCBL/vigneshwar/UPI--	TRANSFER TO 5097740162094	45,000.00	 	1,374.56
21 Apr 2021	21 Apr 2021	   BY TRANSFER-UPI/CR/111115966773/GOOGLEPAY/UTIB/goog-payme/UPI--	TRANSFER FROM 5099001162091	 	5.00	1,379.56
22 Apr 2021	22 Apr 2021	   BY TRANSFER-UPI/CR/111218316522/P RAMANI/IBKL/ramanicmd@/UPI--	TRANSFER FROM 5099058162095	 	2,000.00	3,379.56
30 Apr 2021	30 Apr 2021	   BY TRANSFER-NEFT*CITI0100000*CITIN21165456098*TATA CONSULTANCY--	TRANSFER FROM 3199417044302	 	54,496.00	57,875.56
30 Apr 2021	30 Apr 2021	   TO TRANSFER-UPI/DR/112012797579/CredClub/ICIC/credclub@i/payme--	TRANSFER TO 5097873162093	14,175.00	 	43,700.56
30 Apr 2021	30 Apr 2021	   TO TRANSFER-UPI/DR/112082407418/MEYYAPPA/HDFC/9962875940/Payme--	TRANSFER TO 4898876162098	218.00	 	43,482.56
30 Apr 2021	30 Apr 2021	   TO TRANSFER-UPI/DR/112010346488/KANNADAS/PYTM/das.kanna@/Payme--	TRANSFER TO 4897676162094	219.00	 	43,263.56
30 Apr 2021	30 Apr 2021	   TO TRANSFER-UPI/DR/112091378375/MEYYAPPA/HDFC/9962875940/Payme--	TRANSFER TO 4694208162097	160.00	 	43,103.56
30 Apr 2021	30 Apr 2021	   TO TRANSFER-UPI/DR/112058166771/Paytm Re/PYTM/paybil3066/Oid13--	TRANSFER TO 5097881162093	49.00	 	43,054.56
3 May 2021	3 May 2021	   TO TRANSFER-UPI/DR/112320081285/MEYYAPPA/HDFC/9962875940/Payme--	TRANSFER TO 5099331162096	30,000.00	 	13,054.56
4 May 2021	4 May 2021	   TO TRANSFER-INB NEFT UTR NO: SBIN321124345279--Parents	NEFT INB: IRP7658806                               / Parents	10,000.00	 	3,054.56
4 May 2021	4 May 2021	   TO TRANSFER-INB NEFT UTR NO: SBIN321124346148--Pravin N BoB	NEFT INB: IRP7659071                               / Pravin N BoB	2,000.00	 	1,054.56
4 May 2021	4 May 2021	   BY TRANSFER-UPI/CR/112490389359/MEYYAPPA/HDFC/9962875940/Payme--	TRANSFER FROM 4898952162092	 	10,000.00	11,054.56
6 May 2021	6 May 2021	   TO TRANSFER-UPI/DR/112672666862/Paytm Ai/PYTM/payair7673/Oid13--	TRANSFER TO 5097825162090	49.00	 	11,005.56
7 May 2021	7 May 2021	   TO TRANSFER-UPI/DR/112742254905/INSTAMOJ/ICIC/insta-qr@i/Payme--	TRANSFER TO 5097908162097	500.00	 	10,505.56
7 May 2021	7 May 2021	   TO TRANSFER-UPI/DR/112716817027/PRAVIN/DBSS/pravinn@db/UPI--	TRANSFER TO 4694196162097	5,000.00	 	5,505.56
11 May 2021	11 May 2021	   TO TRANSFER-UPI/DR/113111553546/AMEENBAS/UTIB/ameenbasha/UPI--	TRANSFER TO 5097648162091	4,000.00	 	1,505.56
15 May 2021	15 May 2021	   TO TRANSFER-UPI/DR/113555720046/Paytm/PYTM/add-money@/Oid13580--	TRANSFER TO 5098001162098	120.00	 	1,385.56
22 May 2021	22 May 2021	   BY TRANSFER-UPI/CR/114255876462/PRAVIN N/BARB/9940264330/Payme--	TRANSFER FROM 5099221162091	 	10,000.00	11,385.56
22 May 2021	22 May 2021	   TO TRANSFER-UPI/DR/114210597359/KAVITHA  M/KKBK/florriekav/lap--	TRANSFER TO 4694347162098	10,000.00	 	1,385.56
23 May 2021	23 May 2021	   BY TRANSFER-UPI/CR/114311340101/KAVITHA  M/KKBK/florriekav/Ty--	TRANSFER FROM 5099283162098	 	12,000.00	13,385.56
23 May 2021	23 May 2021	   TO TRANSFER-UPI/DR/114314749194/KAVITHA  M/KKBK/florriekav/UPI--	TRANSFER TO 4694506162098	12,000.00	 	1,385.56
23 May 2021	23 May 2021	   BY TRANSFER-UPI/CR/114318297498/KAVITHA  M/KKBK/florriekav/UPI--	TRANSFER FROM 4899001162097	 	12,000.00	13,385.56
31 May 2021	31 May 2021	   BY TRANSFER-NEFT*CITI0100000*CITIN21180327327*TATA CONSULTANCY--	TRANSFER FROM 3199968044304	 	45,197.00	58,582.56
31 May 2021	31 May 2021	   TO TRANSFER-UPI/DR/115123266490/CredClub/ICIC/credclub@i/Payme--	TRANSFER TO 5097519162099	15,611.00	 	42,971.56
31 May 2021	31 May 2021	   BY TRANSFER-UPI/CR/115155068751/MEYYAPPA/HDFC/9962875940/Payme--	TRANSFER FROM 5098829162098	 	20,000.00	62,971.56
31 May 2021	31 May 2021	   BY TRANSFER-UPI/CR/115112094494/AMEENBAS/UTIB/ameenbasha/UPI--	TRANSFER FROM 4693025162092	 	4,000.00	66,971.56
31 May 2021	31 May 2021	   TO TRANSFER-UPI/DR/115128606129/PRAVIN N/BARB/9940264330/Payme--	TRANSFER TO 4693798162091	20,000.00	 	46,971.56
31 May 2021	31 May 2021	   TO TRANSFER-UPI/DR/115114305662/Zerodha/ICIC/zerodha.ra/UPI--	TRANSFER TO 4692422162098	5,700.00	 	41,271.56
2 Jun 2021	2 Jun 2021	   TO TRANSFER-UPI/DR/115300308961/LITTLE HUT/UTIB/9176427613/Pay--	TRANSFER TO 4692534162090	168.00	 	41,103.56
4 Jun 2021	4 Jun 2021	   TO TRANSFER-INB NEFT UTR NO: SBIN421155733791--Parents	NEFT INB: IRQ0701877                               / Parents	10,000.00	 	31,103.56
4 Jun 2021	4 Jun 2021	   TO TRANSFER-INB NEFT UTR NO: SBIN421155741097--Pravin N BoB	NEFT INB: IRQ0702847                               / Pravin N BoB	2,000.00	 	29,103.56
6 Jun 2021	6 Jun 2021	   TO TRANSFER-UPI/DR/115714331594/Paytm/PYTM/add-money@/Oid13822--	TRANSFER TO 5098087162098	100.00	 	29,003.56
7 Jun 2021	7 Jun 2021	   BULK POSTING-ACHCr HDFC01146000010467 BRITANNIA INDU--		 	12.50	29,016.06
8 Jun 2021	8 Jun 2021	   TO TRANSFER-UPI/DR/115913196403/Zerodha /HDFC/zerodhabro/UPI--	TRANSFER TO 5097635162096	3,000.00	 	26,016.06
14 Jun 2021	14 Jun 2021	   BULK POSTING-ACHCr UTIB01853000028122 TCS Fin.Div.14--		 	15.00	26,031.06
15 Jun 2021	15 Jun 2021	   TO TRANSFER-UPI/DR/116672807897/PhonePe/YESB/BILLDESKHE/Paymen--	TRANSFER TO 5097629162094	5,000.00	 	21,031.06
15 Jun 2021	15 Jun 2021	   TO TRANSFER-UPI/DR/116610532695/Zerodha /HDFC/zerodhabro/UPI--	TRANSFER TO 5097601162095	2,500.00	 	18,531.06
15 Jun 2021	15 Jun 2021	   TO TRANSFER-UPI/DR/116610570158/Zerodha /HDFC/zerodhabro/UPI--	TRANSFER TO 4692475162096	250.00	 	18,281.06
15 Jun 2021	15 Jun 2021	   TO TRANSFER-UPI/DR/116610598716/Cred/YESB/credcc@yes/credit c--	TRANSFER TO 4692487162092	100.00	 	18,181.06
15 Jun 2021	15 Jun 2021	   TO TRANSFER-UPI/DR/116610670016/CredClub/ICIC/credclub@i/credi--	TRANSFER TO 4898733162092	4,900.00	 	13,281.06
16 Jun 2021	16 Jun 2021	   TO TRANSFER-UPI/DR/116720235023/RAJALAKS/HDFC/rrajalaksh/UPI--	TRANSFER TO 5099491162091	2,501.00	 	10,780.06
17 Jun 2021	17 Jun 2021	   TO TRANSFER-UPI/DR/116809594714/Zerodha /HDFC/zerodhabro/UPI--	TRANSFER TO 5097824162091	1,450.00	 	9,330.06
22 Jun 2021	22 Jun 2021	   TO TRANSFER-UPI/DR/117313093659/SATHEESH/KVBL/satheeshk1/UPI--	TRANSFER TO 4693860162090	1,000.00	 	8,330.06
24 Jun 2021	24 Jun 2021	   BULK POSTING-C21795916363     40205377433RELIANCE INDUSTRIES LI--		 	63.00	8,393.06
25 Jun 2021	25 Jun 2021	   TO TRANSFER-UPI/DR/117678767384/Paytm/PYTM/paytm-ptmb/Oid14069--	TRANSFER TO 5097901162094	4,486.00	 	3,907.06
25 Jun 2021	25 Jun 2021	   BULK POSTING-ACHCr ICIC02491000005006 INFOSYS LIMITE--		 	240.00	4,147.06
25 Jun 2021	25 Jun 2021	   BULK POSTING-ACHCr HDFC02241000016754 HINDUSTAN UNIL--		 	17.00	4,164.06
25 Jun 2021	25 Jun 2021	   TO TRANSFER-UPI/DR/117670053717/MEYYAPPA/HDFC/9962875940/Payme--	TRANSFER TO 5099675162094	320.00	 	3,844.06
25 Jun 2021	25 Jun 2021	   CREDIT INTEREST---		 	142.00	3,986.06
27 Jun 2021	27 Jun 2021	   TO TRANSFER-UPI/DR/117839904849/Paytm/PYTM/add-money@/Oid14175--	TRANSFER TO 4692673162091	104.00	 	3,882.06
28 Jun 2021	28 Jun 2021	   TO TRANSFER-UPI/DR/117956820878/Paytm/PYTM/add-money@/Oid14076--	TRANSFER TO 5097542162090	50.00	 	3,832.06
28 Jun 2021	28 Jun 2021	   TO TRANSFER-UPI/DR/117962515337/Zerodha /HDFC/zerodhabro/Kite--	TRANSFER TO 5097519162099	1,105.00	 	2,727.06
28 Jun 2021	28 Jun 2021	   BY TRANSFER-UPI/117839904849/REVERSAL--	TRANSFER FROM 4897696162090	 	104.00	2,831.06
28 Jun 2021	28 Jun 2021	   TO TRANSFER-UPI/DR/117965337418/CredClub/ICIC/credclub@i/payme--	TRANSFER TO 5097537162097	500.00	 	2,331.06
28 Jun 2021	28 Jun 2021	   TO TRANSFER-UPI/DR/117922802180/SUDARSHA/HDFC/sudarshank/Gilbe--	TRANSFER TO 4693773162090	100.00	 	2,231.06
29 Jun 2021	29 Jun 2021	   BY TRANSFER-UPI/CR/118007809890/PRAVIN/DBSS/pravinn@db/UPI--	TRANSFER FROM 5098941162099	 	3,000.00	5,231.06
29 Jun 2021	29 Jun 2021	   TO TRANSFER-UPI/DR/118048525104/MEYYAPPA/HDFC/9962875940/Payme--	TRANSFER TO 5099425162090	5,000.00	 	231.06
30 Jun 2021	30 Jun 2021	   BY TRANSFER-NEFT*CITI0100000*CITIN21195147235*TATA CONSULTANCY--	TRANSFER FROM 3199961044301	 	45,446.00	45,677.06
30 Jun 2021	30 Jun 2021	   TO TRANSFER-UPI/DR/118110200371/Cred/YESB/credcc@yes/payment--	TRANSFER TO 4692523162093	2,000.00	 	43,677.06
30 Jun 2021	30 Jun 2021	   TO TRANSFER-UPI/DR/118110218371/CredClub/ICIC/credclub@i/payme--	TRANSFER TO 4692526162090	2,000.00	 	41,677.06
30 Jun 2021	30 Jun 2021	   TO TRANSFER-UPI/DR/118110231298/Cred/YESB/credcc@yes/payment--	TRANSFER TO 5097703162099	2,000.00	 	39,677.06
30 Jun 2021	30 Jun 2021	   TO TRANSFER-UPI/DR/118110247365/CredClub/ICIC/credclub@i/payme--	TRANSFER TO 5097694162096	25.00	 	39,652.06
30 Jun 2021	30 Jun 2021	   TO TRANSFER-UPI/DR/118110595211/PRAVIN/DBSS/pravinn@db/UPI--	TRANSFER TO 4694058162095	3,100.00	 	36,552.06
30 Jun 2021	30 Jun 2021	   BY TRANSFER-UPI/CR/118124298004/MEYYAPPA/HDFC/9962875940/Payme--	TRANSFER FROM 5098429162093	 	10,000.00	46,552.06
30 Jun 2021	30 Jun 2021	   TO TRANSFER-UPI/DR/118140229513/PRAVIN N/BARB/9940264330/Payme--	TRANSFER TO 4693978162098	10,000.00	 	36,552.06
1 Jul 2021	1 Jul 2021	   TO TRANSFER-UPI/DR/118209494324/NANDA GO/UTIB/9962595747/Payme--	TRANSFER TO 5097843162098	5,000.00	 	31,552.06
1 Jul 2021	1 Jul 2021	   TO TRANSFER-UPI/DR/118219074987/Pizza Hut/UTIB/pizzahut.r/Pizz--	TRANSFER TO 4692546162096	623.70	 	30,928.36
2 Jul 2021	2 Jul 2021	   BULK POSTING-ACHCr HDFC00891000009890 Asian Paints L--		 	14.50	30,942.86
3 Jul 2021	3 Jul 2021	   BY TRANSFER-UPI/CR/118471884383/MEYYAPPA/HDFC/9962875940/Payme--	TRANSFER FROM 5098696162096	 	10,000.00	40,942.86
3 Jul 2021	3 Jul 2021	   BY TRANSFER-UPI/CR/118465908887/MEYYAPPA/HDFC/9962875940/Payme--	TRANSFER FROM 5099212162092	 	40,000.00	80,942.86
3 Jul 2021	3 Jul 2021	   TO TRANSFER-UPI/DR/118408830526/Paytm/PYTM/add-money@/Oid14150--	TRANSFER TO 4692644162095	50.00	 	80,892.86
4 Jul 2021	4 Jul 2021	   TO TRANSFER-INB NEFT UTR NO: SBIN521185142333--Pravin N BoB	NEFT INB: IRQ5259292                               / Pravin N BoB	2,000.00	 	78,892.86
4 Jul 2021	4 Jul 2021	   TO TRANSFER-INB NEFT UTR NO: SBIN521185152153--Parents	NEFT INB: IRQ5259218                               / Parents	10,000.00	 	68,892.86
4 Jul 2021	4 Jul 2021	   TO TRANSFER-UPI/DR/118553239529/BALAPRAS/HDFC/8124831208/Payme--	TRANSFER TO 4694430162092	50,000.00	 	18,892.86
4 Jul 2021	4 Jul 2021	   TO TRANSFER-UPI/DR/118512045604/Prabhude/SBIN/prabudeva7/UPI--	TRANSFER TO 4694498162094	3,000.00	 	15,892.86
6 Jul 2021	6 Jul 2021	   TO TRANSFER-UPI/DR/118725048019/CCAVENUES/ICIC/ccavenues@/coll--	TRANSFER TO 4692469162094	10,500.00	 	5,392.86
7 Jul 2021	7 Jul 2021	   BULK POSTING-ACHCr HDFC00541000009188 The Tata Power--		 	15.50	5,408.36
8 Jul 2021	8 Jul 2021	   TO TRANSFER-UPI/DR/118900387524/SATHEESH/KVBL/satheeshk1/UPI--	TRANSFER TO 4898872162092	300.00	 	5,108.36
8 Jul 2021	8 Jul 2021	   TO TRANSFER-UPI/DR/118913420732/Zerodha/ICIC/zerodha.ra/813171--	TRANSFER TO 4692569162090	2,500.00	 	2,608.36
9 Jul 2021	9 Jul 2021	   TO TRANSFER-UPI/DR/119062802163/Zerodha/ICIC/zerodha.ra/Zerodh--	TRANSFER TO 5097902162093	2,200.00	 	408.36
9 Jul 2021	9 Jul 2021	   BY TRANSFER-UPI/CR/119047320857/PRAVIN N/BARB/9940264330/Inves--	TRANSFER FROM 5099127162099	 	2,320.00	2,728.36
9 Jul 2021	9 Jul 2021	   TO TRANSFER-UPI/DR/119045198581/Zerodha /HDFC/zerodhabro/Kite--	TRANSFER TO 5097887162097	2,320.00	 	408.36
11 Jul 2021	11 Jul 2021	   BY TRANSFER-UPI/CR/119204544333/PRAVIN N/BARB/9940264330/Paytm--	TRANSFER FROM 4693712162092	 	1,000.00	1,408.36
11 Jul 2021	11 Jul 2021	   TO TRANSFER-UPI/DR/119238062614/Paytm/PYTM/add-money@/Oid14253--	TRANSFER TO 4692677162097	1,000.00	 	408.36
13 Jul 2021	13 Jul 2021	   BY TRANSFER-UPI/CR/119482337948/PRAVIN N/BARB/9940264330/Payme--	TRANSFER FROM 5098890162093	 	900.00	1,308.36
13 Jul 2021	13 Jul 2021	   TO TRANSFER-UPI/DR/119492928851/Paytm/PYTM/add-money@/Oid14272--	TRANSFER TO 5097621162092	900.00	 	408.36
14 Jul 2021	14 Jul 2021	   BY TRANSFER-UPI/CR/119501342862/GOOGLEPAY/UTIB/goog-payme/Earn--	TRANSFER FROM 5098973162092	 	4.00	412.36
15 Jul 2021	15 Jul 2021	   TO TRANSFER-UPI/DR/119648541092/Paytm/PYTM/add-money@/Oid14295--	TRANSFER TO 4692555162095	300.00	 	112.36
16 Jul 2021	16 Jul 2021	   BY TRANSFER-UPI/CR/119716191946/PRAVIN N/BARB/9940264330/Payme--	TRANSFER FROM 5099123162093	 	1,000.00	1,112.36
16 Jul 2021	16 Jul 2021	   TO TRANSFER-UPI/DR/119743025474/SRI PALA/HDFC/sripalania/Payme--	TRANSFER TO 5097875162091	1,000.00	 	112.36
18 Jul 2021	18 Jul 2021	   BY TRANSFER-UPI/119743025474/REVERSAL--	TRANSFER FROM 4897695162091	 	7.50	119.86
19 Jul 2021	19 Jul 2021	   BY TRANSFER-UPI/CR/120046279160/PRAVIN N/BARB/9940264330/Payme--	TRANSFER FROM 5098852162099	 	1,000.00	1,119.86
19 Jul 2021	19 Jul 2021	   TO TRANSFER-UPI/DR/120008340098/Zerodha /HDFC/zerodhabro/Kite--	TRANSFER TO 5097521162095	1,000.00	 	119.86
26 Jul 2021	26 Jul 2021	   BY TRANSFER-UPI/CR/120749163623/PRAVIN N/BARB/9940264330/Cc pa--	TRANSFER FROM 4693079162099	 	5,317.00	5,436.86
26 Jul 2021	26 Jul 2021	   TO TRANSFER-UPI/DR/120711276610/CRED/UTIB/cred@axisb/payment--	TRANSFER TO 4692453162091	2,000.00	 	3,436.86
26 Jul 2021	26 Jul 2021	   TO TRANSFER-UPI/DR/120711403079/CRED/UTIB/cred@axisb/payment--	TRANSFER TO 4692453162091	2,000.00	 	1,436.86
26 Jul 2021	26 Jul 2021	   TO TRANSFER-UPI/DR/120705340226/Cred/YESB/credcc@yes/payment--	TRANSFER TO 5097542162090	1,317.00	 	119.86
30 Jul 2021	30 Jul 2021	   BY TRANSFER-NEFT*CITI0100000*CITIN21211478924*TATA CONSULTANCY--	TRANSFER FROM 3199680044308	 	59,229.00	59,348.86
30 Jul 2021	30 Jul 2021	   TO TRANSFER-UPI/DR/121119409295/PRAVIN N/BARB/9940264330/Retur--	TRANSFER TO 4694261162094	18,000.00	 	41,348.86
30 Jul 2021	30 Jul 2021	   TO TRANSFER-UPI/DR/121150419329/MEYYAPPA/HDFC/9962875940/Payme--	TRANSFER TO 4694243162095	306.00	 	41,042.86
1 Aug 2021	1 Aug 2021	   TO TRANSFER-UPI/DR/121304247636/Ganga Sw/YESB/Q72946054@/Payme--	TRANSFER TO 4898759162092	122.00	 	40,920.86
2 Aug 2021	2 Aug 2021	   TO TRANSFER-UPI/DR/121430455136/PRAVIN N/BARB/9940264330/Payme--	TRANSFER TO 4693757162099	10,500.00	 	30,420.86
4 Aug 2021	4 Aug 2021	   TO TRANSFER-INB NEFT UTR NO: SBIN521216830651--Pravin N BoB	NEFT INB: IRQ8209013                               / Pravin N BoB	2,000.00	 	28,420.86
4 Aug 2021	4 Aug 2021	   TO TRANSFER-INB NEFT UTR NO: SBIN521216838178--Parents	NEFT INB: IRQ8208744                               / Parents	10,000.00	 	18,420.86
4 Aug 2021	4 Aug 2021	   TO TRANSFER-UPI/DR/121687746395/JOTI  am/IBKL/1000210317/Payme--	TRANSFER TO 5097713162098	255.00	 	18,165.86
4 Aug 2021	4 Aug 2021	   TO TRANSFER-UPI/DR/121629415596/Sagara J/PYTM/paytmqr281/Payme--	TRANSFER TO 5097721162098	90.00	 	18,075.86
5 Aug 2021	5 Aug 2021	   BULK POSTING-ACHCr UTIB01853000028122 TCSINTDiv05082--		 	7.00	18,082.86
6 Aug 2021	6 Aug 2021	   TO TRANSFER-UPI/DR/121829900580/B P ANNA/YESB/Q68775753@/Payme--	TRANSFER TO 4692595162098	200.00	 	17,882.86
8 Aug 2021	8 Aug 2021	   TO TRANSFER-UPI/DR/122049734421/K G N AA/PYTM/paytmqr281/Payme--	TRANSFER TO 4692666162090	300.00	 	17,582.86
9 Aug 2021	9 Aug 2021	   TO TRANSFER-UPI/DR/122190915432/Zerodha /HDFC/zerodhabro/Kite--	TRANSFER TO 4692448162098	2,500.00	 	15,082.86
9 Aug 2021	9 Aug 2021	   TO TRANSFER-UPI/DR/122148669583/MEYYAPPA/HDFC/9962875940/Payme--	TRANSFER TO 4693833162093	225.00	 	14,857.86
10 Aug 2021	10 Aug 2021	   BULK POSTING-ACHCr HDFC01136000010452 HERO MOTOCORP--		 	35.00	14,892.86
11 Aug 2021	11 Aug 2021	   BULK POSTING-ACHCr HDFC01701000013943 COROMANDEL INT--		 	12.00	14,904.86
12 Aug 2021	12 Aug 2021	   TO TRANSFER-UPI/DR/122438907411/MEYYAPPA/HDFC/9962875940/Payme--	TRANSFER TO 5099559162096	5,000.00	 	9,904.86
13 Aug 2021	13 Aug 2021	   BULK POSTING-ACHCr IBKL00249000010274 ITC LIMITED--		 	58.00	9,962.86
15 Aug 2021	15 Aug 2021	   by debit card-OTHPOS122705021986FIPOLA MOGAPPAIR      TIRUVALLUR--		378.14	 	9,584.72
17 Aug 2021	17 Aug 2021	   TO TRANSFER-UPI/DR/122977096980/THE CAKE/YESB/Q08370332@/Payme--	TRANSFER TO 5097646162093	398.50	 	9,186.22
19 Aug 2021	19 Aug 2021	   by debit card-OTHPOS123104715732SRI PALANIAPPA AGENCIECHENNAI--		200.00	 	8,986.22
20 Aug 2021	20 Aug 2021	   BY TRANSFER-NEFT*CITI0100000*CITIN21222485332*TATA CONSULTANCY--	TRANSFER FROM 3199423044304	 	99,898.00	1,08,884.22
22 Aug 2021	22 Aug 2021	   TO TRANSFER-UPI/DR/123471089000/KOTTAYAM/FDRL/BHARATPE.9/Verif--	TRANSFER TO 4692699162091	63.00	 	1,08,821.22
23 Aug 2021	23 Aug 2021	   BULK POSTING-     00000000000 190821 SRI PALANIAPPA AGENCIE--		 	1.50	1,08,822.72
24 Aug 2021	24 Aug 2021	   TO TRANSFER-UPI/DR/123636392711/Bharti A/SBIN/bhartiairt/Bhart--	TRANSFER TO 4898279162097	379.00	 	1,08,443.72
25 Aug 2021	25 Aug 2021	   TO TRANSFER-UPI/DR/123701455383/MEYYAPPA/HDFC/9962875940/Payme--	TRANSFER TO 4897666162096	655.00	 	1,07,788.72
26 Aug 2021	26 Aug 2021	   TO TRANSFER-UPI/DR/123870995378/CAKE ONE/HDFC/cakeoneswe/Payme--	TRANSFER TO 5097788162090	360.00	 	1,07,428.72
28 Aug 2021	28 Aug 2021	   TO TRANSFER-UPI/DR/124011931669/PRAVIN/DBSS/pravinn@db/UPI--	TRANSFER TO 4694372162098	1,000.00	 	1,06,428.72
28 Aug 2021	28 Aug 2021	   TO TRANSFER-UPI/DR/124062615958/PRAVIN/DBSS/pravinn@db/Payment--	TRANSFER TO 4694335162092	50,000.00	 	56,428.72
28 Aug 2021	28 Aug 2021	   TO TRANSFER-UPI/DR/124020291134/RIYASUDE/IOBA/rjriyasude/UPI--	TRANSFER TO 4694372162098	500.00	 	55,928.72
30 Aug 2021	30 Aug 2021	   TO TRANSFER-UPI/DR/124260063270/IRCTC Ap/PYTM/paytm-irct/Oid10--	TRANSFER TO 4692439162099	762.29	 	55,166.43
1 Sep 2021	1 Sep 2021	   TO TRANSFER-UPI/DR/124435237198/Paytm Re/PYTM/paybil3066/Oid14--	TRANSFER TO 5097724162095	298.42	 	54,868.01
1 Sep 2021	1 Sep 2021	   TO TRANSFER-UPI/DR/124418689829/S SARATHY/IOBA/jerrysarat/UPI--	TRANSFER TO 4694013162098	40.00	 	54,828.01
2 Sep 2021	2 Sep 2021	   BULK POSTING-ACHCr IBKL00606000011426 JK TYRE AND IN--		 	6.00	54,834.01
4 Sep 2021	4 Sep 2021	   TO TRANSFER-INB NEFT UTR NO: SBIN321247304529--Pravin N BoB	NEFT INB: IRR1468646                               / Pravin N BoB	2,000.00	 	52,834.01
4 Sep 2021	4 Sep 2021	   TO TRANSFER-INB NEFT UTR NO: SBIN321247304248--Parents	NEFT INB: IRR1468570                               / Parents	10,000.00	 	42,834.01
4 Sep 2021	4 Sep 2021	   BY TRANSFER-UPI/CR/124778715055/PRAVIN/ICIC/pravinnici/Payment--	TRANSFER FROM 4693635162099	 	12,000.00	54,834.01
5 Sep 2021	5 Sep 2021	   TO TRANSFER-UPI/DR/124808145786/Zerodha /HDFC/zerodhabro/Kite--	TRANSFER TO 5098062162097	3,500.00	 	51,334.01
5 Sep 2021	5 Sep 2021	   BY TRANSFER-UPI/CR/124839690230/PRAVIN/ICIC/pravinnici/Payment--	TRANSFER FROM 4693707162098	 	3,500.00	54,834.01
7 Sep 2021	7 Sep 2021	   BULK POSTING-ACHCr UTIB01797000027319 SUN TV NETWORK--		 	56.25	54,890.26
7 Sep 2021	7 Sep 2021	   TO TRANSFER-UPI/DR/125012705029/Zerodha/ICIC/zerodha.ra/721013--	TRANSFER TO 4692470162090	1,000.00	 	53,890.26
7 Sep 2021	7 Sep 2021	   TO TRANSFER-UPI/DR/125056104174/Zerodha/ICIC/zerodha.ra/721013--	TRANSFER TO 4692468162095	1,000.00	 	52,890.26
7 Sep 2021	7 Sep 2021	   BY TRANSFER-UPI/REV/125056104174--	TRANSFER FROM 4692468162095	 	1,000.00	53,890.26
7 Sep 2021	7 Sep 2021	   BY TRANSFER-UPI/CR/125010064377/PRAVIN/ICIC/pravinnici/Payment--	TRANSFER FROM 4693151162097	 	1,000.00	54,890.26
8 Sep 2021	8 Sep 2021	   TO TRANSFER-UPI/DR/125114917983/SATHISHK/BARB/sathish199/UPI--	TRANSFER TO 4694075162095	120.00	 	54,770.26
9 Sep 2021	9 Sep 2021	   BULK POSTING-ACHCr HDFC01427000011462 DABUR INDIA LI--		 	6.00	54,776.26
10 Sep 2021	10 Sep 2021	   BY TRANSFER-UPI/CR/125349655083/KUNAL R /BARB/kunaldamwa/UPI--	TRANSFER FROM 4693429162094	 	170.00	54,946.26
14 Sep 2021	14 Sep 2021	   TO TRANSFER-UPI/DR/125720021965/KAVITHA  M/KKBK/florriekav/UPI--	TRANSFER TO 4898830162090	400.00	 	54,546.26
20 Sep 2021	20 Sep 2021	   BULK POSTING-ACHCr UTIB01584000023667 Zee Entertainm--		 	127.50	54,673.76
21 Sep 2021	21 Sep 2021	   TO TRANSFER-UPI/DR/126474107126/Sree Gup/PYTM/paytm-6462/Oid20--	TRANSFER TO 5097636162095	69.00	 	54,604.76
25 Sep 2021	25 Sep 2021	   TO TRANSFER-UPI/DR/126808662661/KAVITHA  M/KKBK/florriekav/UPI--	TRANSFER TO 5098025162091	6,000.00	 	48,604.76
25 Sep 2021	25 Sep 2021	   TO TRANSFER-UPI/DR/126808658747/KAVITHA  M/KKBK/florriekav/UPI--	TRANSFER TO 4694391162095	400.00	 	48,204.76
25 Sep 2021	25 Sep 2021	   BY TRANSFER-UPI/CR/126851816267/AMEENBAS/UTIB/ameenbasha/UPI--	TRANSFER FROM 4693546162099	 	800.00	49,004.76
25 Sep 2021	25 Sep 2021	   BY TRANSFER-UPI/CR/126816404665/KAVITHA  M/KKBK/florriekav/Pay--	TRANSFER FROM 4693533162094	 	5,050.00	54,054.76
25 Sep 2021	25 Sep 2021	   BY TRANSFER-UPI/CR/126891889152/VIJAYARA/HDFC/vjraja22@o/Lunch--	TRANSFER FROM 4897722162093	 	1,400.00	55,454.76
25 Sep 2021	25 Sep 2021	   TO TRANSFER-UPI/DR/126819654690/AMEENBAS/UTIB/ameenbasha/UPI--	TRANSFER TO 5098047162095	100.00	 	55,354.76
25 Sep 2021	25 Sep 2021	   BY TRANSFER-UPI/CR/126849811540/B R BALU/ICIC/balurangan/UPI--	TRANSFER FROM 4693530162096	 	700.00	56,054.76
25 Sep 2021	25 Sep 2021	   TO TRANSFER-UPI/DR/126819351137/PRAVIN/DBSS/pravinn@db/UPI--	TRANSFER TO 5098030162093	6,500.00	 	49,554.76
25 Sep 2021	25 Sep 2021	   BY TRANSFER-UPI/CR/126850319563/R SHYAM /ICIC/shyamu19@o/Coal--	TRANSFER FROM 5098681162093	 	1,034.00	50,588.76
25 Sep 2021	25 Sep 2021	   BY TRANSFER-UPI/CR/126855625523/GILBERT /UTIB/victorgilb/UPI--	TRANSFER FROM 5099178162099	 	700.00	51,288.76
25 Sep 2021	25 Sep 2021	   CREDIT INTEREST---		 	228.00	51,516.76
26 Sep 2021	26 Sep 2021	   BY TRANSFER-UPI/CR/126897361577/VINODHRA/HDFC/vinodhraj./UPI--	TRANSFER FROM 4693740162097	 	700.00	52,216.76
26 Sep 2021	26 Sep 2021	   TO TRANSFER-UPI/DR/126912128585/CRED/UTIB/cred@axisb/payment--	TRANSFER TO 4692687162095	1,500.00	 	50,716.76
26 Sep 2021	26 Sep 2021	   BY TRANSFER-UPI/CR/126956135928/PRAVIN/ICIC/pravinnici/Payment--	TRANSFER FROM 5099304162098	 	1,500.00	52,216.76
27 Sep 2021	27 Sep 2021	   BULK POSTING-ACHCr HDFC02166000016650 ASHOK LEYLAND--		 	6.00	52,222.76
28 Sep 2021	28 Sep 2021	   TO TRANSFER-UPI/DR/127112656553/CRED/UTIB/cred@axisb/payment--	TRANSFER TO 5097642162097	3,893.19	 	48,329.57
30 Sep 2021	30 Sep 2021	   BY TRANSFER-UPI/CR/127339329668/PRAVIN/ICIC/pravinnici/Payment--	TRANSFER FROM 5098513162097	 	3,893.00	52,222.57
1 Oct 2021	1 Oct 2021	   TO TRANSFER-UPI/DR/127419342576/BALACHAN/SBIN/kavibala27/UPI--	TRANSFER TO 5099690162094	1,540.00	 	50,682.57
1 Oct 2021	1 Oct 2021	   BY TRANSFER-UPI/CR/127458848942/PRAVIN/ICIC/pravinnici/Payment--	TRANSFER FROM 4693566162096	 	1,540.00	52,222.57
2 Oct 2021	2 Oct 2021	   BY TRANSFER-UPI/CR/127572583312/GOOGLEPAY/UTIB/goog-payme/Earn--	TRANSFER FROM 5098679162097	 	4.00	52,226.57
3 Oct 2021	3 Oct 2021	   BY TRANSFER-UPI/CR/127648440428/PRAVIN/ICIC/pravinnici/Payment--	TRANSFER FROM 5099290162098	 	10,000.00	62,226.57
3 Oct 2021	3 Oct 2021	   BY TRANSFER-UPI/CR/127688618964/BHARATH /KKBK/bharathkrv/Flipk--	TRANSFER FROM 5099280162090	 	6,592.00	68,818.57
3 Oct 2021	3 Oct 2021	   TO TRANSFER-UPI/DR/127614619144/CRED/UTIB/cred@axisb/payment--	TRANSFER TO 5098076162091	6,000.00	 	62,818.57
4 Oct 2021	4 Oct 2021	   TO TRANSFER-INB NEFT UTR NO: SBIN321277571490--Parents	NEFT INB: IRR4563898                               / Parents	10,000.00	 	52,818.57
4 Oct 2021	4 Oct 2021	   TO TRANSFER-INB NEFT UTR NO: SBIN321277574474--Pravin N BoB	NEFT INB: IRR4564365                               / Pravin N BoB	2,000.00	 	50,818.57
12 Oct 2021	12 Oct 2021	   BY TRANSFER-UPI/CR/128513256663/KAVITHA  M/KKBK/florriekav/UPI--	TRANSFER FROM 5098896162098	 	5,500.00	56,318.57
13 Oct 2021	13 Oct 2021	   DEBIT-UPI/ABSLAMC/IPO/Manual--		14,240.00	 	42,078.57
16 Oct 2021	16 Oct 2021	   BULK POSTING-     00000004285 090321 LAKSHMI KANTHAM SERVIC--		 	3.75	42,082.32
18 Oct 2021	18 Oct 2021	   TO TRANSFER-UPI/DR/129114011527/Zerodha/ICIC/zerodha.ra/814373--	TRANSFER TO 4692441162095	100.00	 	41,982.32
20 Oct 2021	20 Oct 2021	   TO TRANSFER-UPI/DR/129308646900/BHARATH /KKBK/bharathkrv/refun--	TRANSFER TO 4694060162091	317.00	 	41,665.32
20 Oct 2021	20 Oct 2021	   TO TRANSFER-UPI/DR/129366906479/Mr SENTH/YESB/Q40723214@/Payme--	TRANSFER TO 4692534162090	10.00	 	41,655.32
21 Oct 2021	21 Oct 2021	   BULK POSTING-ACHCr SBIN01680000014926 NHPC LIMITED--		 	11.55	41,666.87
21 Oct 2021	21 Oct 2021	   BULK POSTING-     00000004285 090321 LAKSHMI KANTHAM SERVIC--		 	3.75	41,670.62
28 Oct 2021	28 Oct 2021	   TO TRANSFER-UPI/DR/130152472983/Zerodha/ICIC/zerodha.ra/810155--	TRANSFER TO 5097832162091	9,260.00	 	32,410.62
28 Oct 2021	28 Oct 2021	   BY TRANSFER-UPI/CR/130148778510/PRAVIN/ICIC/pravinnici/Payment--	TRANSFER FROM 5098500162090	 	9,260.00	41,670.62
28 Oct 2021	28 Oct 2021	   TO TRANSFER-UPI/DR/130168130032/Zerodha/ICIC/zerodha.ra/813585--	TRANSFER TO 4692578162099	5,000.00	 	36,670.62
28 Oct 2021	28 Oct 2021	   TO TRANSFER-UPI/DR/130134676468/NPS TRUS/HDFC/npstrust.b/Pay--	TRANSFER TO 4692577162090	1,000.00	 	35,670.62
28 Oct 2021	28 Oct 2021	   BY TRANSFER-UPI/CR/130133633330/PRAVIN/ICIC/pravinnici/Payment--	TRANSFER FROM 5099084162094	 	1,000.00	36,670.62
29 Oct 2021	29 Oct 2021	   TO TRANSFER-UPI/DR/130210930791/Zerodha /HDFC/zerodhabro/Kite--	TRANSFER TO 5097894162098	6,850.00	 	29,820.62
29 Oct 2021	29 Oct 2021	   BY TRANSFER-UPI/CR/130217960035/PRAVIN/ICIC/pravinnici/Payment--	TRANSFER FROM 5098607162091	 	6,580.00	36,400.62
30 Oct 2021	30 Oct 2021	   BY TRANSFER-UPI/CR/130312880781/PRAVIN/ICIC/pravinnici/Payment--	TRANSFER FROM 4898993162094	 	5,000.00	41,400.62
1 Nov 2021	1 Nov 2021	   TO TRANSFER-UPI/DR/130568431280/CCAVENUES/ICIC/ccavenues@/coll--	TRANSFER TO 4692452162092	10,500.00	 	30,900.62
1 Nov 2021	1 Nov 2021	   BY TRANSFER-UPI/CR/130524220675/PRAVIN/ICIC/pravinnici/Payment--	TRANSFER FROM 5098816162093	 	10,500.00	41,400.62
1 Nov 2021	1 Nov 2021	   TO TRANSFER-UPI/DR/130551111124/Zerodha /HDFC/zerodhabro/Coin--	TRANSFER TO 5097526162090	1,000.00	 	40,400.62
2 Nov 2021	2 Nov 2021	   BULK POSTING-ACHCr NACH00000000058141 Rashtriya Chem--		 	222.50	40,623.12
3 Nov 2021	3 Nov 2021	   BULK POSTING-ACHCr SBIN00882000011904 TCSINTDiv03112--		 	7.00	40,630.12
4 Nov 2021	4 Nov 2021	   TO TRANSFER-UPI/DR/130818993736/Zerodha/ICIC/zerodha.ra/400260--	TRANSFER TO 5097829162096	104.00	 	40,526.12
4 Nov 2021	4 Nov 2021	   TO TRANSFER-INB NEFT UTR NO: SBIN221308953187--Parents	NEFT INB: IRR8148696                               / Parents	10,000.00	 	30,526.12
4 Nov 2021	4 Nov 2021	   TO TRANSFER-INB NEFT UTR NO: SBIN221308953640--Pravin N BoB	NEFT INB: IRR8148937                               / Pravin N BoB	2,000.00	 	28,526.12
4 Nov 2021	4 Nov 2021	   TO TRANSFER-UPI/DR/130840054381/Zerodha /HDFC/zerodhabro/Kite--	TRANSFER TO 5097790162095	100.00	 	28,426.12
5 Nov 2021	5 Nov 2021	   BY TRANSFER-UPI/CR/130973149090/PRAVIN/ICIC/pravinnici/Payment--	TRANSFER FROM 5098602162096	 	12,204.00	40,630.12
7 Nov 2021	7 Nov 2021	   TO TRANSFER-UPI/DR/131107468213/NPS TRUS/HDFC/npstrust.b/XBCMF--	TRANSFER TO 4692667162099	1,500.00	 	39,130.12
8 Nov 2021	8 Nov 2021	   BY TRANSFER-UPI/CR/131252469657/PRAVIN/ICIC/pravinnici/Payment--	TRANSFER FROM 5098807162093	 	1,500.00	40,630.12
9 Nov 2021	9 Nov 2021	   TO TRANSFER-UPI/DR/131317501900/BALACHAN/SBIN/kavibala27/UPI--	TRANSFER TO 5099417162090	400.00	 	40,230.12
9 Nov 2021	9 Nov 2021	   TO TRANSFER-UPI/DR/131316022148/Zerodha /HDFC/zerodhabro/Kite--	TRANSFER TO 4692464162099	2,000.00	 	38,230.12
9 Nov 2021	9 Nov 2021	   BY TRANSFER-UPI/CR/131390761303/PRAVIN/ICIC/pravinnici/Payment--	TRANSFER FROM 4693094162090	 	2,500.00	40,730.12
10 Nov 2021	10 Nov 2021	   BULK POSTING-ACHCr UTIB01988000029402 INFOSYS LIMITE--		 	240.00	40,970.12
10 Nov 2021	10 Nov 2021	   BULK POSTING-ACHCr HDFC00891000009890 AsianPaintsLim--		 	3.65	40,973.77
12 Nov 2021	12 Nov 2021	   BULK POSTING-ACHCr HDFC02241000016754 HINDUSTANUNILE--		 	15.00	40,988.77
15 Nov 2021	15 Nov 2021	   TO TRANSFER-UPI/DR/131910278172/BHARATH /KKBK/bharathkrv/shawa--	TRANSFER TO 4693773162090	65.00	 	40,923.77
15 Nov 2021	15 Nov 2021	   BY TRANSFER-UPI/CR/131917333804/SANGAVI /HDFC/pgsangavi@/UPI--	TRANSFER FROM 4693023162094	 	210.00	41,133.77
15 Nov 2021	15 Nov 2021	   BY TRANSFER-UPI/CR/131959036682/BHARATH /KKBK/bharathkrv/Etern--	TRANSFER FROM 4899325162090	 	210.00	41,343.77
15 Nov 2021	15 Nov 2021	   TO TRANSFER-UPI/DR/131913148399/KALAIYAR/HDFC/udhavumull/UPI--	TRANSFER TO 4693841162093	100.00	 	41,243.77
22 Nov 2021	22 Nov 2021	   BULK POSTING-ACHCr NACH00000000021007 ADITYA BIRLA S--		 	117.60	41,361.37
22 Nov 2021	22 Nov 2021	   BULK POSTING-ACHCr HDFC00396000008623 ColgatePalmoli--		 	38.00	41,399.37
23 Nov 2021	23 Nov 2021	   BULK POSTING-ACHCr HDFC01695000013937 Marico Limited--		 	42.00	41,441.37
23 Nov 2021	23 Nov 2021	   TO TRANSFER-UPI/DR/132718291262/SWIGGY/ICIC/upiswiggy@/UPI--	TRANSFER TO 4898732162093	131.00	 	41,310.37
24 Nov 2021	24 Nov 2021	   TO TRANSFER-UPI/DR/132818768258/M S ENTE/UBIN/mohanraj19/UPI--	TRANSFER TO 5097747162098	950.00	 	40,360.37
24 Nov 2021	24 Nov 2021	   TO TRANSFER-UPI/DR/132819422964/BALAJI  R/SBIN/balajir978/UPI--	TRANSFER TO 4694062162090	300.00	 	40,060.37
25 Nov 2021	25 Nov 2021	   BULK POSTING-ACHCr HDFC01427000011462 DABUR INDIA LI--		 	5.00	40,065.37
26 Nov 2021	26 Nov 2021	   BY TRANSFER-UPI/CR/133047327909/PRAVIN/ICIC/pravinnici/Payment--	TRANSFER FROM 4693469162097	 	1,400.00	41,465.37
27 Nov 2021	27 Nov 2021	   TO TRANSFER-UPI/DR/133114606397/AMAZON/UTIB/amazon@apl/You are--	TRANSFER TO 5097966162099	484.00	 	40,981.37
30 Nov 2021	30 Nov 2021	   BULK POSTING-ACHCr UTIB01797000027319 SUN TV NETWORK--		 	75.00	41,056.37
3 Dec 2021	3 Dec 2021	   TO TRANSFER-UPI/DR/133711329159/A SETHU/UBIN/sethus661@/UPI--	TRANSFER TO 5099640162093	1,600.00	 	39,456.37
3 Dec 2021	3 Dec 2021	   BY TRANSFER-UPI/CR/133749237048/PRAVIN/ICIC/pravinnici/Payment--	TRANSFER FROM 4897720162094	 	1,600.00	41,056.37
4 Dec 2021	4 Dec 2021	   TO TRANSFER-INB NEFT UTR NO: SBIN221338254512--Parents	NEFT INB: IRS0655498                               / Parents	10,000.00	 	31,056.37
4 Dec 2021	4 Dec 2021	   TO TRANSFER-INB NEFT UTR NO: SBIN221338257670--Pravin N BoB	NEFT INB: IRS0655803                               / Pravin N BoB	2,000.00	 	29,056.37
4 Dec 2021	4 Dec 2021	   BY TRANSFER-UPI/CR/133859748715/PRAVIN/ICIC/pravinnici/Payment--	TRANSFER FROM 5099178162099	 	12,000.00	41,056.37
5 Dec 2021	5 Dec 2021	   BY TRANSFER-UPI/CR/133950289271/PRAVIN/ICIC/pravinnici/Payment--	TRANSFER FROM 4693676162091	 	2,000.00	43,056.37
5 Dec 2021	5 Dec 2021	   TO TRANSFER-UPI/DR/133912981673/PRAVIN/DBSS/pravinn@db/UPI--	TRANSFER TO 4694424162091	2,000.00	 	41,056.37
6 Dec 2021	6 Dec 2021	   BULK POSTING-ACHCr HDFC05271000025282 Rashtriya Chem--		 	168.75	41,225.12
11 Dec 2021	11 Dec 2021	   BY TRANSFER-NEFT*YESB0000001*N345210900314783*ZERODHA BROKING--	TRANSFER FROM 3199969044303	 	99.09	41,324.21
21 Dec 2021	21 Dec 2021	   BY TRANSFER-UPI/CR/135570042746/SANGAVI /HDFC/pgsangavi@/UPI--	TRANSFER FROM 5098925162099	 	21,000.00	62,324.21
21 Dec 2021	21 Dec 2021	   TO TRANSFER-UPI/DR/135541764712/PRAVIN/ICIC/pravinnici/Payment--	TRANSFER TO 5097653162094	20,000.00	 	42,324.21
23 Dec 2021	23 Dec 2021	   TO TRANSFER-UPI/DR/135709899090/Zerodha /HDFC/zerodhabro/Kite--	TRANSFER TO 4692569162090	2,550.00	 	39,774.21
24 Dec 2021	24 Dec 2021	   BY TRANSFER-UPI/CR/135824114640/PRAVIN/ICIC/pravinnici/Payment--	TRANSFER FROM 4693470162093	 	2,500.00	42,274.21
25 Dec 2021	25 Dec 2021	   CREDIT INTEREST---		 	290.00	42,564.21
27 Dec 2021	27 Dec 2021	   BY TRANSFER-UPI/CR/136104271666/SANGAVI /HDFC/pgsangavi@/UPI--	TRANSFER FROM 4693072162096	 	355.00	42,919.21
31 Dec 2021	31 Dec 2021	   BY TRANSFER-UPI/CR/136542834608/BHARATH /KKBK/bharathkrv/83 Mo--	TRANSFER FROM 5098581162096	 	190.00	43,109.21
1 Jan 2022	1 Jan 2022	   BY TRANSFER-UPI/CR/200111603375/KAVITHA  M/KKBK/florriekav/UPI--	TRANSFER FROM 5099190162092	 	500.00	43,609.21
4 Jan 2022	4 Jan 2022	   TO TRANSFER-INB NEFT UTR NO: SBIN222004999830--Parents	NEFT INB: IRS3338862                               / Parents	10,000.00	 	33,609.21
4 Jan 2022	4 Jan 2022	   TO TRANSFER-INB NEFT UTR NO: SBIN322004001908--Pravin N BoB	NEFT INB: IRS3338832                               / Pravin N BoB	2,000.00	 	31,609.21
4 Jan 2022	4 Jan 2022	   TO TRANSFER-UPI/DR/200413080012/MEYYAPPA/BARB/meyyappan1/UPI--	TRANSFER TO 5099411162096	10,000.00	 	21,609.21
4 Jan 2022	4 Jan 2022	   BY TRANSFER-UPI/CR/200418018207/PRAVIN/ICIC/pravin.n19/UPI--	TRANSFER FROM 4693124162090	 	22,000.00	43,609.21
11 Jan 2022	11 Jan 2022	   BULK POSTING-ACHCr INDB00288000013764 GAIL (INDIA) L--		 	64.00	43,673.21
13 Jan 2022	13 Jan 2022	   TO TRANSFER-UPI/DR/201396363764/Sri Pala/PYTM/paytmqr161/Oid20--	TRANSFER TO 4692565162094	1,000.00	 	42,673.21
20 Jan 2022	20 Jan 2022	   TO TRANSFER-UPI/DR/202034225383/Sri Pala/PYTM/paytmqr161/Oid20--	TRANSFER TO 4692570162096	200.00	 	42,473.21
21 Jan 2022	21 Jan 2022	   BY TRANSFER-UPI/CR/202135940841/MEYYAPPA/BARB/meyyappan1/UPI--	TRANSFER FROM 5099166162093	 	10,000.00	52,473.21
24 Jan 2022	24 Jan 2022	   TO TRANSFER-UPI/DR/202420924764/Zerodha/ICIC/zerodha.ra/420503--	TRANSFER TO 4898726162091	10,000.00	 	42,473.21
25 Jan 2022	25 Jan 2022	   DEBIT-DT09-03-2021 AC21122800632783 414735 REFUND RVSL--		3.75	 	42,469.46
1 Feb 2022	1 Feb 2022	   BY TRANSFER-UPI/CR/203209867738/ARUN GAN/SBIN/j.arungane/UPI--	TRANSFER FROM 4693164162093	 	14,154.00	56,623.46
1 Feb 2022	1 Feb 2022	   TO TRANSFER-UPI/DR/203287434650/PRAVIN/ICIC/pravinnici/Payment--	TRANSFER TO 4693876162093	14,000.00	 	42,623.46
4 Feb 2022	4 Feb 2022	   BULK POSTING-ACHCr HDFC02539000017265 WIPRO LIMITED--		 	125.00	42,748.46
7 Feb 2022	7 Feb 2022	   BULK POSTING-ACHCr UTIB01853000028122 TCSINTDiv07022--		 	7.00	42,755.46
23 Feb 2022	23 Feb 2022	   BULK POSTING-ACHCr HDFC01695000013937 Marico Limited--		 	87.50	42,842.96
26 Feb 2022	26 Feb 2022	   BY TRANSFER-NEFT*YESB0000001*N057221038334625*ZERODHA BROKING--	TRANSFER FROM 3199957044306	 	7.93	42,850.89
28 Feb 2022	28 Feb 2022	   BULK POSTING-ACHCr HDFC01136000010452 HEROMOTOCORPLT--		 	60.00	42,910.89
2 Mar 2022	2 Mar 2022	   BULK POSTING-ACHCr UTIB01797000027319 SUN TV NETWORK--		 	87.50	42,998.39
2 Mar 2022	2 Mar 2022	   BULK POSTING-ACHCr HDFC01701000013943 COROMANDEL INT--		 	12.00	43,010.39
3 Mar 2022	3 Mar 2022	   TO TRANSFER-UPI/DR/206219531571/A SETHU/UBIN/sethus661@/UPI--	TRANSFER TO 5099596162092	3,600.00	 	39,410.39
4 Mar 2022	4 Mar 2022	   BULK POSTING-ACHCr SBIN01680000014926 NHPC LIMITED--		 	43.23	39,453.62
4 Mar 2022	4 Mar 2022	   BY TRANSFER-UPI/CR/206384714576/PRAVIN/ICIC/pravinnici/Payment--	TRANSFER FROM 4693428162095	 	3,600.00	43,053.62
4 Mar 2022	4 Mar 2022	   BULK POSTING-ACHCr IBKL00249000010274 ITC Limited--		 	100.00	43,153.62
4 Mar 2022	4 Mar 2022	   BULK POSTING-ACHCr NACH00000000006531 INDIAN RAILWAY--		 	44.00	43,197.62
4 Mar 2022	4 Mar 2022	   TO TRANSFER-INB IMPS/P2A/206322555741/XXXXXXX408BARB--	UA0457894811MOAFXDPSD5               TRANSFER TO 4	10,000.00	 	33,197.62
4 Mar 2022	4 Mar 2022	   TO TRANSFER-INB IMPS/P2A/206322556069/XXXXXXX948BARB--	UA0457894919MOAFXDPSQ4               TRANSFER TO 4	2,000.00	 	31,197.62
4 Mar 2022	4 Mar 2022	   BY TRANSFER-UPI/CR/206351530661/PRAVIN/ICIC/pravinnici/Payment--	TRANSFER FROM 5099110162097	 	12,000.00	43,197.62
7 Mar 2022	7 Mar 2022	   TO TRANSFER-UPI/DR/206609261257/Zerodha /HDFC/zerodhabro/Kite--	TRANSFER TO 5097527162099	8,547.00	 	34,650.62
7 Mar 2022	7 Mar 2022	   BY TRANSFER-UPI/CR/206679214461/PRAVIN/ICIC/pravinnici/Payment--	TRANSFER FROM 4693072162096	 	8,547.00	43,197.62
8 Mar 2022	8 Mar 2022	   TO TRANSFER-UPI/DR/206721415866/Zerodha/ICIC/zerodha.ra/821054--	TRANSFER TO 5097642162097	5,000.00	 	38,197.62
8 Mar 2022	8 Mar 2022	   BY TRANSFER-UPI/CR/206750764069/PRAVIN/ICIC/pravinnici/Payment--	TRANSFER FROM 5098306162093	 	5,000.00	43,197.62
9 Mar 2022	9 Mar 2022	   TO TRANSFER-UPI/DR/206812124888/Zerodha /HDFC/zerodhabro/Coin--	TRANSFER TO 4692519162099	3,100.00	 	40,097.62
9 Mar 2022	9 Mar 2022	   TO TRANSFER-UPI/DR/206813216687/Zerodha /HDFC/zerodhabro/Kite--	TRANSFER TO 5097709162093	11,700.00	 	28,397.62
10 Mar 2022	10 Mar 2022	   TO TRANSFER-UPI/DR/206909345196/Zerodha /HDFC/zerodhabro/Kite--	TRANSFER TO 5097805162093	10,000.00	 	18,397.62
10 Mar 2022	10 Mar 2022	   BY TRANSFER-UPI/CR/206900619708/PRAVIN/ICIC/pravinnici/Payment--	TRANSFER FROM 5099102162097	 	25,000.00	43,397.62
20 Mar 2022	20 Mar 2022	   TO TRANSFER-UPI/DR/207954486084/Slicepay/UTIB/slicepay.r/slice--	TRANSFER TO 5098067162092	147.00	 	43,250.62
25 Mar 2022	25 Mar 2022	   CREDIT INTEREST---		 	287.00	43,537.62
29 Mar 2022	29 Mar 2022	   BULK POSTING-ACHCr UTIB01797000027319 SUN TV NETWORK--		 	275.00	43,812.62
30 Mar 2022	30 Mar 2022	   BULK POSTING-ACHCr INDB00288000013764 GAIL (INDIA) L--		 	180.00	43,992.62

**This is a computer generated statement and does not require a signature

